@article{krotov2019unsupervised,
  title={Unsupervised learning by competing hidden units},
  author={Krotov, Dmitry and Hopfield, John J},
  journal={Proceedings of the National Academy of Sciences},
  volume={116},
  number={16},
  pages={7723--7731},
  year={2019},
  publisher={National Acad Sciences}
}

@article{di1999distance,
  title={Distance-based functions for image comparison},
  author={Di Gesu, Vito and Starovoitov, Valery},
  journal={Pattern Recognition Letters},
  volume={20},
  number={2},
  pages={207--214},
  year={1999},
  publisher={Elsevier}
}

@book{bishop2006pattern,
  title={Pattern recognition and machine learning},
  author={Bishop, Christopher M},
  year={2006},
  publisher={springer}
}

@article{bienenstock1982theory,
  title={Theory for the development of neuron selectivity: orientation specificity and binocular interaction in visual cortex},
  author={Bienenstock, Elie L and Cooper, Leon N and Munro, Paul W},
  journal={Journal of Neuroscience},
  volume={2},
  number={1},
  pages={32--48},
  year={1982},
  publisher={Soc Neuroscience}
}

@article{hastie2001data,
  title={Data mining, inference, and prediction},
  author={Hastie, Trevor and Tibshirani, Robert and Friedman, Jerome},
  journal={The elements of statistical learning Springer Series in Statistics. Springer-Verlag, New York},
  year={2001}
}

@misc{MNISTweb,
	url={http://yann.lecun.com/exdb/mnist/}
	author={Yann LeCun, Corinna Cortes, Christopher J.C. Burges},
}