@article{krotov2019unsupervised,
  title={Unsupervised learning by competing hidden units},
  author={Krotov, Dmitry and Hopfield, John J},
  journal={Proceedings of the National Academy of Sciences},
  volume={116},
  number={16},
  pages={7723--7731},
  year={2019},
  publisher={National Acad Sciences}
}

@article{di1999distance,
  title={Distance-based functions for image comparison},
  author={Di Gesu, Vito and Starovoitov, Valery},
  journal={Pattern Recognition Letters},
  volume={20},
  number={2},
  pages={207--214},
  year={1999},
  publisher={Elsevier}
}

@book{bishop2006pattern,
  title={Pattern recognition and machine learning},
  author={Bishop, Christopher M},
  year={2006},
  publisher={springer}
}

@article{bienenstock1982theory,
  title={Theory for the development of neuron selectivity: orientation specificity and binocular interaction in visual cortex},
  author={Bienenstock, Elie L and Cooper, Leon N and Munro, Paul W},
  journal={Journal of Neuroscience},
  volume={2},
  number={1},
  pages={32--48},
  year={1982},
  publisher={Soc Neuroscience}
}

@article{hastie2001data,
  title={Data mining, inference, and prediction},
  author={Hastie, Trevor and Tibshirani, Robert and Friedman, Jerome},
  journal={The elements of statistical learning Springer Series in Statistics. Springer-Verlag, New York},
  year={2001}
}

@misc{MNISTweb,
	title={MNIST database},
	url={http://yann.lecun.com/exdb/mnist/},
	author={Yann LeCun, Corinna Cortes, Christopher J.C. Burges}
}
	
@article{hand1997statistical,
  title={Statistical classification methods in consumer credit scoring: a review},
  author={Hand, David J and Henley, William E},
  journal={Journal of the Royal Statistical Society: Series A (Statistics in Society)},
  volume={160},
  number={3},
  pages={523--541},
  year={1997},
  publisher={Wiley Online Library}
}

@article{marx2013big,
  title={The big challenges of big data},
  author={Marx, Vivien},
  journal={Nature},
  volume={498},
  number={7453},
  pages={255--260},
  year={2013},
  publisher={Nature Publishing Group}
}

@inproceedings{magoulas1999machine,
  title={Machine learning in medical applications},
  author={Magoulas, George D and Prentza, Andriana},
  booktitle={Advanced course on artificial intelligence},
  pages={300--307},
  year={1999},
  organization={Springer}
}

@article{ghoddusi2019machine,
  title={Machine learning in energy economics and finance: A review},
  author={Ghoddusi, Hamed and Creamer, Germ{\'a}n G and Rafizadeh, Nima},
  journal={Energy Economics},
  volume={81},
  pages={709--727},
  year={2019},
  publisher={Elsevier}
}

@inproceedings{zhang2017split,
  title={Split-brain autoencoders: Unsupervised learning by cross-channel prediction},
  author={Zhang, Richard and Isola, Phillip and Efros, Alexei A},
  booktitle={Proceedings of the IEEE Conference on Computer Vision and Pattern Recognition},
  pages={1058--1067},
  year={2017}
}

@article{zou2008overview,
  title={Overview of artificial neural networks},
  author={Zou, Jinming and Han, Yi and So, Sung-Sau},
  journal={Artificial Neural Networks},
  pages={14--22},
  year={2008},
  publisher={Springer}
}

@inproceedings{cohen2017emnist,
  title={EMNIST: Extending MNIST to handwritten letters},
  author={Cohen, Gregory and Afshar, Saeed and Tapson, Jonathan and Van Schaik, Andre},
  booktitle={2017 International Joint Conference on Neural Networks (IJCNN)},
  pages={2921--2926},
  year={2017},
  organization={IEEE}
}

@article{breiman2001random,
  title={Random forests},
  author={Breiman, Leo},
  journal={Machine learning},
  volume={45},
  number={1},
  pages={5--32},
  year={2001},
  publisher={Springer}
}

@article{bramer2007avoiding,
  title={Avoiding overfitting of decision trees},
  author={Bramer, Max},
  journal={Principles of data mining},
  pages={119--134},
  year={2007},
  publisher={Springer}
}

@article{gunn1998support,
  title={Support vector machines for classification and regression},
  author={Gunn, Steve R and others},
  journal={ISIS technical report},
  volume={14},
  number={1},
  pages={5--16},
  year={1998}
}